This file was created with JabRef 2.2.
Encoding: MacRoman


#---------------------------------Referencias Capitulo 1 -------------------------------------#
@misc{Cap1_1_PdP,
  title={The Carbon Emissions of Server Computing for Small-to Medium-sized Organization},
  author={Whitney, J and Kennedy, J},
  year={2012},
  publisher={WSP Environment \& Energy, LLC Natural Resources Defense Council. Retrieved from http://www. wspenvironmental. com/media/docs/ourlocations/usa/NRDC-WSP\_Cloud\_Computing. pdf}
}

@misc{Cap1_2_PdP,
  title={Americaâ€™s Data Centers Are Wasting Huge Amounts of Energy},
  author={Pierre Delforge},
  year={2014},
  publisher={WSP Environment \& Energy, LLC Natural Resources Defense Council. Retrieved from https://www.nrdc.org/sites/default/files/data-center-efficiency-assessment-IB.pdf}
}

@misc{Cap1_3_PdP,
  title={Shipping and Delivery},
  author={Dell},
  title={Shipping and Delivery},
  url={http://www.dell.com/support/Contents/mx/en/mxdhs1/article/eSupport-Order-Support/shipping-and-delivery?~ck=mn},
  year={2015}
}

@book{Cap1_4_PdP,
  title={R&M Data center handbook},
  author={R&M Corp},
  year={2011},
  publisher={Reichle & De-Massari AG}
}

@book{Cap1_5_PdP,
  title={Data center handbook},
  author={Geng, Hwaiyu},
  year={2014},
  publisher={John Wiley \& Sons}
}

@misc{Cap1_Hospital,
    title={Frimley},
    url={https://www.vmware.com/content/dam/digitalmarketing/vmware/en/pdf/casestudy/customers/vmware-frimley-park-hospital-13q2-en-case-study.pdf},
    journal={Vmware.com},
     year={2018}
}
@article{Cap1_ACMInroads,
    author  = "Jim Pinkelman",
    title   = "Computing changes: an industry perspective",
    year    = "1993",
    journal = "ACM Inroads",
    volume  = "4",
    number  = "4",
    pages   = "39-42"
}
@inproceedings{Cap1_WebBased,
  title={Web-based specification and integration of legacy services},
  author={Zou, Ying and Kontogiannis, Kostas},
  booktitle={Proceedings of the 2000 conference of the Centre for Advanced Studies on Collaborative research},
  pages={17},
  year={2000},
  organization={IBM Press}
}
#---------------------------------Referencias Capitulo 2 marco Teorico -------------------------------------#
@book{Cap3_1_mT,
  title={Virtualization: A manager's guide},
  author={Kusnetzky, Dan},
  year={2011},
  publisher={" O'Reilly Media, Inc."}
}

@article{Cap3_2_mT,
  title={Virtual machines and networks-installation, performance study, advantages and virtualization options},
  author={Ali, Ishtiaq and Meghanathan, Natarajan},
  journal={arXiv preprint arXiv:1105.0061},
  year={2011}
}

@article{Cap3_3_mT,
  title={The NIST definition of cloud computing},
  author={Mell, Peter and Grance, Tim and others},
  year={2011},
  publisher={Computer Security Division, Information Technology Laboratory, National Institute of Standards and Technology Gaithersburg}
}

@misc{Cap3_4_mT,
  title={Software},
  author={Openstack},
  url={ttps://www.openstack.org/software/},
  year={2015}
}


@misc{Cap3_5_mT,
  title={Apache Cloudstack},
  author={The Apache Software Foundation},
  url={https://cloudstack.apache.org/},
  year={2017}
}
@misc{Cap3_6_mT,
  title= {vcloud suite},
  url={https://www.vmware.com/products/vcloud-suite.html},
  journal={VMWare},
  year={2018}
}
@book{Cap3_7mT,
  title={Amazon web services in action},
  author={Wittig, Michael and Wittig, Andreas},
  year={2016},
  publisher={Manning}
}
@book{Cap3_8mT,
  title={Ansible for DevOps: Server and configuration management for humans},
  author={Geerling, Jeff},
  year={2015},
  publisher={LeanPub}
}
@misc{Cap3_9mT,
  url={https://www.chef.io/chef/},
  journal={Chef},
  year={2018} 
}

@misc{Cap3_Puppet,
  url={https://www.puppetlabs.com},
  journal={Puppetlabs},
  year={2017} 
}

@misc{Cap3_ansible,
  url={https://www.ansible.com},
  journal={Red Hat Ansible DevOps made simple},
  year={2017} 
}
@book{Cap3_Microservicios,
  title={Building microservices: designing fine-grained systems},
  author={Newman, Sam},
  year={2015},
  publisher={" O'Reilly Media, Inc."}
}

@book{Cap3_ArtOfLinux,
  title={The art of Unix programming},
  author={Raymond, Eric S},
  year={2003},
  publisher={Addison-Wesley Professional}
}


@online{ibmcloud,
  author = {IBM},
  title = {{Learn} What is cloud computing?},
  year={2018},
  url={https://www.ibm.com/cloud/learn/what-is-cloud-computing}
}

#---------------------------------Referencias Capitulo 3 Materiales y metodos -------------------------------------#

@misc{Cap4_devstack,
  url={https://docs.openstack.org/devstack/latest/},
  journal={Devstack},
  year={2018} 
}

@book{Cap4_Docker,
  title={Using Docker: Developing and deploying software with containers},
  author={Mouat, Adrian},
  year={2015},
  publisher={" O'Reilly Media, Inc."}
}
#---------------------------------Referencias Capitulo 4 Modelacion DDD -------------------------------------#
@book{Cap4_ImplementingPlantillaDibujo,
  title={Implementing domain-driven design},
  author={Vernon, Vaughn},
  year={2013},
  publisher={Addison-Wesley},
  pages={55}
}
